@article{rabiner1989tutorial,
  title={A tutorial on hidden Markov models and selected applications in speech recognition},
  author={Rabiner, Lawrence R},
  journal={Proceedings of the IEEE},
  volume={77},
  number={2},
  pages={257--286},
  year={1989},
  publisher={Ieee}
}


@book{russell2002artificial,
  title={Artificial intelligence: a modern approach},
  author={Russell, Stuart and Norvig, Peter},
  year={2002}
}

@book{gelman2013bayesian,
  title={Bayesian data analysis},
  author={Gelman, Andrew and Carlin, John B and Stern, Hal S and Vehtari, Aki and Rubin, Donald B},
  year={2013},
  publisher={Chapman and Hall/CRC}
}

